<?xml version="1.0" encoding="UTF-8"?><record xmlns="http://www.loc.gov/MARC21/slim" xmlns:cinclude="http://apache.org/cocoon/include/1.0" xmlns:zs="http://www.loc.gov/zing/srw/">
  <leader>00570nz  a2200157n  4500</leader>
  <controlfield tag="001">no 00069452 </controlfield>
  <controlfield tag="003">DLC</controlfield>
  <controlfield tag="005">20000827163012.0</controlfield>
  <controlfield tag="008">000826n| acannaabn          |a ana     c</controlfield>
  <datafield tag="010" ind1=" " ind2=" ">
    <subfield code="a">no 00069452 </subfield>
  </datafield>
  <datafield tag="035" ind1=" " ind2=" ">
    <subfield code="a">(OCoLC)oca05298235</subfield>
  </datafield>
  <datafield tag="040" ind1=" " ind2=" ">
    <subfield code="a">DSI</subfield>
    <subfield code="b">eng</subfield>
    <subfield code="c">DSI</subfield>
  </datafield>
  <datafield tag="110" ind1="2" ind2=" ">
    <subfield code="a">Chemchemi (Organization)</subfield>
  </datafield>
  <datafield tag="410" ind1="2" ind2=" ">
    <subfield code="a">Chemchemi Cultural Centre</subfield>
  </datafield>
  <datafield tag="670" ind1=" " ind2=" ">
    <subfield code="a">Chemchemi, African creative centre presents ..., 1963:</subfield>
    <subfield code="b">p. 2 of cover (Chemchemi; Church House, Government Road, Nairobi, Kenya) p. 1 (Chemchemi; Chemchemi Cultural Centre)</subfield>
  </datafield>
  <datafield tag="670" ind1=" " ind2=" ">
    <subfield code="a">OCLC, Aug. 26, 2000</subfield>
    <subfield code="b">(hdg.: Chemchemi)</subfield>
  </datafield>
</record>